
@misc{peng2019hierarchical,
      title={Hierarchical Taxonomy-Aware and Attentional Graph Capsule RCNNs for Large-Scale Multi-Label Text Classification}, 
      author={Hao Peng and Jianxin Li and Qiran Gong and Senzhang Wang and Lifang He and Bo Li and Lihong Wang and Philip S. Yu},
      year={2019},
      eprint={1906.04898},
      archivePrefix={arXiv},
      primaryClass={cs.IR}
}

	
	@misc{velickovic2018graph,
      title={Graph Attention Networks}, 
      author={Petar Veličković and Guillem Cucurull and Arantxa Casanova and Adriana Romero and Pietro Liò and Yoshua Bengio},
      year={2018},
      eprint={1710.10903},
      archivePrefix={arXiv},
      primaryClass={stat.ML}
}
	
	@misc{kipf2017semisupervised,
      title={Semi-Supervised Classification with Graph Convolutional Networks}, 
      author={Thomas N. Kipf and Max Welling},
      year={2017},
      eprint={1609.02907},
      archivePrefix={arXiv},
      primaryClass={cs.LG}
}

	@misc{yao2018graph,
      title={Graph Convolutional Networks for Text Classification}, 
      author={Liang Yao and Chengsheng Mao and Yuan Luo},
      year={2018},
      eprint={1809.05679},
      archivePrefix={arXiv},
      primaryClass={cs.CL}
}

@inproceedings{tweeteval,
title={{TweetEval:Unified Benchmark and Comparative Evaluation for Tweet Classification}},
author={Barbieri, Francesco and Camacho-Collados, Jose and Espinosa-Anke, Luis and Neves, Leonardo},
booktitle={Proceedings of Findings of EMNLP},
year={2020}
}
