------ Text Classification ------
@article{kowsari19tc,
  title     = {Text Classification Algorithms: A Survey},
  volume    = {10},
  issn      = {2078-2489},
  url       = {http://dx.doi.org/10.3390/info10040150},
  doi       = {10.3390/info10040150},
  number    = {4},
  journal   = {Information},
  publisher = {MDPI AG},
  author    = {Kowsari and Jafari Meimandi and Heidarysafa and Mendu and Barnes and Brown},
  year      = {2019},
  month     = {Apr},
  pages     = {150}
}

@article{li20tc,
  author     = {Qian Li and
                Hao Peng and
                Jianxin Li and
                Congying Xia and
                Renyu Yang and
                Lichao Sun and
                Philip S. Yu and
                Lifang He},
  title      = {A Survey on Text Classification: From Shallow to Deep Learning},
  journal    = {CoRR},
  volume     = {abs/2008.00364},
  year       = {2020},
  url        = {https://arxiv.org/abs/2008.00364},
  eprinttype = {arXiv},
  eprint     = {2008.00364},
  timestamp  = {Fri, 04 Dec 2020 08:55:29 +0100},
  biburl     = {https://dblp.org/rec/journals/corr/abs-2008-00364.bib},
  bibsource  = {dblp computer science bibliography, https://dblp.org}
}

@article{devlin18bert,
  author     = {Jacob Devlin and
                Ming{-}Wei Chang and
                Kenton Lee and
                Kristina Toutanova},
  title      = {{BERT:} Pre-training of Deep Bidirectional Transformers for Language
                Understanding},
  journal    = {CoRR},
  volume     = {abs/1810.04805},
  year       = {2018},
  url        = {http://arxiv.org/abs/1810.04805},
  eprinttype = {arXiv},
  eprint     = {1810.04805},
  timestamp  = {Tue, 30 Oct 2018 20:39:56 +0100},
  biburl     = {https://dblp.org/rec/journals/corr/abs-1810-04805.bib},
  bibsource  = {dblp computer science bibliography, https://dblp.org}
}

@article{howard18tc,
  author     = {Jeremy Howard and
                Sebastian Ruder},
  title      = {Fine-tuned Language Models for Text Classification},
  journal    = {CoRR},
  volume     = {abs/1801.06146},
  year       = {2018},
  url        = {http://arxiv.org/abs/1801.06146},
  eprinttype = {arXiv},
  eprint     = {1801.06146},
  timestamp  = {Mon, 13 Aug 2018 16:46:54 +0200},
  biburl     = {https://dblp.org/rec/journals/corr/abs-1801-06146.bib},
  bibsource  = {dblp computer science bibliography, https://dblp.org}
}

@article{minaee20tc,
  author     = {Shervin Minaee and
                Nal Kalchbrenner and
                Erik Cambria and
                Narjes Nikzad and
                Meysam Chenaghlu and
                Jianfeng Gao},
  title      = {Deep Learning Based Text Classification: {A} Comprehensive Review},
  journal    = {CoRR},
  volume     = {abs/2004.03705},
  year       = {2020},
  url        = {https://arxiv.org/abs/2004.03705},
  eprinttype = {arXiv},
  eprint     = {2004.03705},
  timestamp  = {Tue, 14 Apr 2020 16:40:34 +0200},
  biburl     = {https://dblp.org/rec/journals/corr/abs-2004-03705.bib},
  bibsource  = {dblp computer science bibliography, https://dblp.org}
}

------ GNN ------
@article{zhou20gnn,
  title    = {Graph neural networks: A review of methods and applications},
  journal  = {AI Open},
  volume   = {1},
  pages    = {57-81},
  year     = {2020},
  issn     = {2666-6510},
  doi      = {https://doi.org/10.1016/j.aiopen.2021.01.001},
  url      = {https://www.sciencedirect.com/science/article/pii/S2666651021000012},
  author   = {Jie Zhou and Ganqu Cui and Shengding Hu and Zhengyan Zhang and Cheng Yang and Zhiyuan Liu and Lifeng Wang and Changcheng Li and Maosong Sun},
  keywords = {Deep learning, Graph neural network}
}

@article{wu21gnn,
  title     = {A Comprehensive Survey on Graph Neural Networks},
  volume    = {32},
  issn      = {2162-2388},
  url       = {http://dx.doi.org/10.1109/TNNLS.2020.2978386},
  doi       = {10.1109/tnnls.2020.2978386},
  number    = {1},
  journal   = {IEEE Transactions on Neural Networks and Learning Systems},
  publisher = {Institute of Electrical and Electronics Engineers (IEEE)},
  author    = {Wu, Zonghan and Pan, Shirui and Chen, Fengwen and Long, Guodong and Zhang, Chengqi and Yu, Philip S.},
  year      = {2021},
  month     = {Jan},
  pages     = {4-24}
}

@article{zhang18dlongraphs,
  author     = {Ziwei Zhang and
                Peng Cui and
                Wenwu Zhu},
  title      = {Deep Learning on Graphs: {A} Survey},
  journal    = {CoRR},
  volume     = {abs/1812.04202},
  year       = {2018},
  url        = {http://arxiv.org/abs/1812.04202},
  eprinttype = {arXiv},
  eprint     = {1812.04202},
  timestamp  = {Tue, 01 Jan 2019 15:01:25 +0100},
  biburl     = {https://dblp.org/rec/journals/corr/abs-1812-04202.bib},
  bibsource  = {dblp computer science bibliography, https://dblp.org}
}

@article{sun18adversarial,
  author     = {Lichao Sun and
                Ji Wang and
                Philip S. Yu and
                Bo Li},
  title      = {Adversarial Attack and Defense on Graph Data: {A} Survey},
  journal    = {CoRR},
  volume     = {abs/1812.10528},
  year       = {2018},
  url        = {http://arxiv.org/abs/1812.10528},
  eprinttype = {arXiv},
  eprint     = {1812.10528},
  timestamp  = {Tue, 23 Mar 2021 07:53:08 +0100},
  biburl     = {https://dblp.org/rec/journals/corr/abs-1812-10528.bib},
  bibsource  = {dblp computer science bibliography, https://dblp.org}
}


------ Related Work ------
@misc{peng19hierarchical,
  title         = {Hierarchical Taxonomy-Aware and Attentional Graph Capsule RCNNs for Large-Scale Multi-Label Text Classification},
  author        = {Hao Peng and Jianxin Li and Qiran Gong and Senzhang Wang and Lifang He and Bo Li and Lihong Wang and Philip S. Yu},
  year          = {2019},
  eprint        = {1906.04898},
  archiveprefix = {arXiv},
  primaryclass  = {cs.IR}
}

	
@misc{velickovic18graph,
  title         = {Graph Attention Networks},
  author        = {Petar Veličković and Guillem Cucurull and Arantxa Casanova and Adriana Romero and Pietro Liò and Yoshua Bengio},
  year          = {2018},
  eprint        = {1710.10903},
  archiveprefix = {arXiv},
  primaryclass  = {stat.ML}
}

@inproceedings{guo19attention,
  title     = {Attention Guided Graph Convolutional Networks for Relation Extraction},
  author    = {Guo, Zhijiang  and
               Zhang, Yan  and
               Lu, Wei},
  booktitle = {Proceedings of the 57th Annual Meeting of the Association for Computational Linguistics},
  month     = jul,
  year      = {2019},
  address   = {Florence, Italy},
  publisher = {Association for Computational Linguistics},
  url       = {https://aclanthology.org/P19-1024},
  doi       = {10.18653/v1/P19-1024},
  pages     = {241--251}
}

	
@misc{kipf17semisupervised,
  title         = {Semi-Supervised Classification with Graph Convolutional Networks},
  author        = {Thomas N. Kipf and Max Welling},
  year          = {2017},
  eprint        = {1609.02907},
  archiveprefix = {arXiv},
  primaryclass  = {cs.LG}
}

@misc{yao18graph,
  title         = {Graph Convolutional Networks for Text Classification},
  author        = {Liang Yao and Chengsheng Mao and Yuan Luo},
  year          = {2018},
  eprint        = {1809.05679},
  archiveprefix = {arXiv},
  primaryclass  = {cs.CL}
}

 @misc{velickovic21gnn,
  title   = {Theoretical Foundations of Graph Neural Networks},
  url     = {https://petar-v.com/talks/GNN-Wednesday.pdf},
  journal = {Deepmind},
  author  = {Veličković, Petar},
  year    = {2021}
}

@article{deepwalk2014,
   title={DeepWalk},
   url={http://dx.doi.org/10.1145/2623330.2623732},
   DOI={10.1145/2623330.2623732},
   journal={Proceedings of the 20th ACM SIGKDD international conference on Knowledge discovery and data mining},
   publisher={ACM},
   author={Perozzi, Bryan and Al-Rfou, Rami and Skiena, Steven},
   year={2014},
   month={Aug} }
   
@article{node2vec,
  author    = {Aditya Grover and
               Jure Leskovec},
  title     = {node2vec: Scalable Feature Learning for Networks},
  journal   = {CoRR},
  volume    = {abs/1607.00653},
  year      = {2016},
  url       = {http://arxiv.org/abs/1607.00653},
  eprinttype = {arXiv},
  eprint    = {1607.00653},
  timestamp = {Mon, 13 Aug 2018 16:48:14 +0200},
  biburl    = {https://dblp.org/rec/journals/corr/GroverL16.bib},
  bibsource = {dblp computer science bibliography, https://dblp.org}
}
   
@article{line2015,
   title={LINE},
   url={http://dx.doi.org/10.1145/2736277.2741093},
   DOI={10.1145/2736277.2741093},
   journal={Proceedings of the 24th International Conference on World Wide Web},
   publisher={International World Wide Web Conferences Steering Committee},
   author={Tang, Jian and Qu, Meng and Wang, Mingzhe and Zhang, Ming and Yan, Jun and Mei, Qiaozhu},
   year={2015},
   month={May} }
   
   
@article{fastGCN2018,
  author    = {Jie Chen and
               Tengfei Ma and
               Cao Xiao},
  title     = {FastGCN: Fast Learning with Graph Convolutional Networks via Importance
               Sampling},
  journal   = {CoRR},
  volume    = {abs/1801.10247},
  year      = {2018},
  url       = {http://arxiv.org/abs/1801.10247},
  eprinttype = {arXiv},
  eprint    = {1801.10247},
  timestamp = {Wed, 16 Jun 2021 11:41:28 +0200},
  biburl    = {https://dblp.org/rec/journals/corr/abs-1801-10247.bib},
  bibsource = {dblp computer science bibliography, https://dblp.org}
}

@article{simplfyingGCN2019,
  author    = {Felix Wu and
               Tianyi Zhang and
               Amauri H. Souza Jr. and
               Christopher Fifty and
               Tao Yu and
               Kilian Q. Weinberger},
  title     = {Simplifying Graph Convolutional Networks},
  journal   = {CoRR},
  volume    = {abs/1902.07153},
  year      = {2019},
  url       = {http://arxiv.org/abs/1902.07153},
  eprinttype = {arXiv},
  eprint    = {1902.07153},
  timestamp = {Wed, 03 Jun 2020 10:08:37 +0200},
  biburl    = {https://dblp.org/rec/journals/corr/abs-1902-07153.bib},
  bibsource = {dblp computer science bibliography, https://dblp.org}
}

@article{citationGNN,
  author    = {Daniel Cummings and
               Marcel Nassar},
  title     = {Structured Citation Trend Prediction Using Graph Neural Networks},
  journal   = {CoRR},
  volume    = {abs/2104.02562},
  year      = {2021},
  url       = {https://arxiv.org/abs/2104.02562},
  eprinttype = {arXiv},
  eprint    = {2104.02562},
  timestamp = {Tue, 13 Apr 2021 16:46:17 +0200},
  biburl    = {https://dblp.org/rec/journals/corr/abs-2104-02562.bib},
  bibsource = {dblp computer science bibliography, https://dblp.org}
}


------ Dataset ------
@inproceedings{tweeteval,
  title     = {{TweetEval: Unified Benchmark and Comparative Evaluation for Tweet Classification}},
  author    = {Barbieri, Francesco and Camacho-Collados, Jose and Espinosa-Anke, Luis and Neves, Leonardo},
  booktitle = {Proceedings of Findings of EMNLP},
  year      = {2020}
}

 @unpublished{wang18glue,
  title  = {{GLUE}: A Multi-Task Benchmark and Analysis Platform for
            Natural Language Understanding},
  author = {Wang, Alex and Singh, Amanpreet and Michael, Julian and Hill,
            Felix and Levy, Omer and Bowman, Samuel R.},
  url    = {https://gluebenchmark.com/},
  note   = {arXiv preprint 1804.07461},
  year   = {2018}
}
